@inproceedings{Winskel:86,
  title={Event structures},
  author={Winskel, Glynn},
  booktitle={Advanced Course on Petri Nets},
  pages={325--392},
  year={1986},
  organization={Springer}
}

@inproceedings{Jeffrey-Riely:LICS16,
  author =        {Alan Jeffrey and James Riely},
  booktitle =     {LICS 2016},
  publisher =     {IEEE},
  title =         {On Thin Air Reads: Towards an Event Structures
                   Model of Relaxed Memory},
  year =          {2016},
  doi       = {10.1145/2933575.2934536},
}

@inproceedings{PichonPharabod-Sewell:POPL16,
  author =        {Jean Pichon-Pharabod and Peter Sewell},
  booktitle =     {POPL 2016},
  pages =         {622--633},
  publisher =     {{ACM}},
  title =         {A Concurrency Semantics for Relaxed Atomics that
                   Permits Optimisation and Avoids Thin-Air Executions},
  year =          {2016},
  doi       = {10.1145/2837614.2837616},
}

@article{Chakraborty-Vafeiadis:POPL19,
  title={Grounding thin-air reads with event structures},
  author={Chakraborty, Soham and Vafeiadis, Viktor},
  journal={Proceedings of the ACM on Programming Languages},
  volume={3},
  number={POPL},
  pages={1--28},
  year={2019},
  publisher={ACM New York, NY, USA}
}

@inproceedings{Moiseenko-al:ECOOP20,
  title={Reconciling Event Structures with Modern Multiprocessors},
  author={Moiseenko, Evgenii and Podkopaev, Anton and Lahav, Ori and Melkonian, Orestis and Vafeiadis, Viktor},
  booktitle={34th European Conference on Object-Oriented Programming},
  year={2020}
}

@inproceedings{Fellner-al:VMCAI2020,
  title={Language Inclusion for Finite Prime Event Structures},
  author={Fellner, Andreas and Tarrach, Thorsten and Weissenbacher, Georg},
  booktitle={International Conference on Verification, Model Checking, and Abstract Interpretation},
  pages={314--336},
  year={2020},
  organization={Springer}
}
